@Article{nsi2003,
	journal = {大阪大学大学院人間科学研究科紀要},
	author   = {直井 優 and 菅野 剛 and 岩渕 亜希子},
	yomi     = {naoiatsushisuganotsuyoshiiwabuchiakiko},
	title    = {情報化社会に関する全国調査（JIS2001）の概要},
	year     = {2003},
	volume   = {29},
	pages    = {23-66}
}

@Article{kh2003,
	journal      = {大阪大学大学院人間科学研究科紀要},
    author       = {川端 亮 and 樋口 耕一},
    yomi         = {kawabataakirahiguchikouichi},
    title        = {インターネットに対する人々の意識 ---自由回答の分析から},
    year         = {2003},
    volume       = {29},
    pages        = {163-181}
}

@Book{fschr92j,
	author     = {Fischer, Claude S.},
	title      = {America Calling: A Social History of the Telephone to 1940},
    publisher  = {University of California Press },
    address    = {California},
	year       = 1992,
    jauthor    = {吉見 俊哉 and 松田 美佐 and 片岡 みい子},
    jtitle     = {電話するアメリカ},
    jpublisher = {NTT出版},
    jyear      =  2000
}

@Article{kwbt1,
    yomi         = {kawabataakira},
    author       = {川端 亮},
    year         = {2001},
    title        = {コンピュータ・コーディングによる宗教的ライフヒストリーの記述},
    journal      = {宗教と社会},
    volume       = {7},
    pages        = {133-154},
}

@Article{kwbt,
    yomi         = {kawabataakira},
    author       = {川端 亮},
    year         = {2001},
    title        = {コンピューターを用いた自由回答のコーティング},
    journal      = {社会情報},
    publisher    = {札幌学院大学社会情報学部},
    volume       = {10},
    number       = {1},
    pages        = {135-148},
}

@Book{kwbt99,
    yomi      = {kawabataakira},
    hentyo    = {川端 亮},
    editor    = {川端 亮},
    year      = 1999,
    title     = {非定型データのコーディング・システムとその利用},
    booktitle = {非定型データのコーディング・システムとその利用},
    publisher = {平成8年度〜10年度科学研究費補助金(基盤研究(A)(1))(課題番号 08551003)研究成果報告書,\hspace{.6em}大阪大学},
}

@Article{netville2,
    author       = {Wellman, B. and Hampton, K. N.},
    year         = {1999},
    title        = {Living Networked On and Offline},
    journal      = {Contemporary Sociology},
    volume       = {28},
    number       = {6},
    pages        = {648-655},
}

@Article{gms1,
    author       = {Granovetter, M. S.},
    year         = {1973},
    title        = {The Strength of Weak Ties},
    journal  = {American Journal of Sociology},
    volume       = {78},
    pages        = {1360-1380},
}

@Article{hgc1,
    yomi         = {higuchikouichi},
    author       = {樋口 耕一},
    year         = {2001},
    title        = {電子コミュニティにおけるメディア特性の影響 ---同期メディアと非同期メディア},
    journal      = {年報人間科学},
    volume       = {22},
    pages        = {91-106},
}

@Article{cmcjdb44,
    author       = {Wellman, B.},
    year         = {1998},
    title        = {A Computer Network is a Social Network},
    journal      = {SIGGROUP Bulletin},
    volume       = {19},
    number       = {3},
    pages        = {41-48},
}

@Article{hgc3,
    yomi         = {higuchikouichi},
    author       = {樋口 耕一},
    year         = {2003},
    title        = {コンピュータ・コーディングの実践},
    journal      = {年報人間科学},
    volume       = {24},
    pages        = {193-214},
}

@Incollection{Lonkila1995,
    author = {Lonkila, M.},
    year = 1995,
    title = {Grounded Theory as an Emerging Paradigm for Computer-Assisted Qualitative Data Analysis},
    editor = {Kelle, U.},
    booktitle = {Computer-Aided Qualitative Analysis},
    address = {London},
    publisher = {Sage},
    pages = {41-51},
}

@Misc{jsrstyle,
	author = {日本社会学会編集委員会},
	yomi   = {nihonsyakaigakkaihennsyuiinkai},
	year   = {1999},
	title  = {社会学評論スタイルガイド},
	note   = {（ http://wwwsoc.nii.ac.jp/jss/\\JSRstyle/JSRstyle.html \ 2003.6.27）}
}