%% ASCII only
@book{knuth86,
  author    = "Donald E. Knuth",
  title     = "The \TeX book",
  publisher = "Addison-Wesley",
  year      = 1986,
}

%% Latin-1
@book{björk2020,
  author    = "Tomas Björk",
  title     = "Arbitrage Theory in Continuous Time",
  publisher = "Oxford University Press",
  year      = 2020,
}

%% 日本人姓名；読み仮名つき
@book{ken-na,
  author    = "中野 賢",
  yomi      = "Ken Nakano",
  title     = "日本語{\LaTeXe}ブック",
  publisher = "アスキー",
  year      = 1996,
}

%% ギリシャ文字；ニコス・カザンザキス「饗宴」
@book{nikos,
  author    = "Νίκος Καζαντζάκης",
  yomi      = "Nikos Kazantzakis",
  title     = "Συμπόσιον",
  publisher = "京緑社",
  year      = 2020,
}

%% キリル文字；ドストエフスキー「カラマーゾフの兄弟」
@book{dostoevskii,
  title     = "Братья Карамазовы",
  author    = "Достое́вский, Фёдор Миха́йлович",
  yomi      = "Dostoevskii, F.M.",
  publisher = "Гослитиздат",
  year      = "1958",
}

%% ハングル：金萬重「九雲夢」
@book{gim,
  author    = "김 만중",
  yomi      = "Manjung Gim",
  title     = "구운몽",
  publisher = "高麗書林",
  year      = 1975,
}

%% 日本語文献；著者は非・日本人
@book{boswell,
  author     = {Boswell, Dustin and Foucher, Trevor},
  title      = {リーダブルコード ―より良いコードを書くためのシンプルで実践的
                なテクニック (Theory in practice) },
  year       = 2012,
  publisher  = {オライリージャパン},
  translator = {角 征典},
  language   = {ja},
  yomi       = {boswell}
}

%% 全角数字(17)は和文扱いとする
@book{fullwidth,
  author    = "Bar Fuga",
  yomi      = "ぜんかく",
  title     = "１",
  publisher = "TeXnician Co., Ltd.",
  year      = 2020,
}

%% 記号類(18)は欧文扱いとする
@book{kigou,
  author    = "Foo Hoge",
  yomi      = "きごうたち",
  title     = "＄£（！？）☃♪、。§○●",
  publisher = "Snowman commedian Press",
  year      = 2020,
}

%% CJK統合漢字拡張B-Dのテスト
@book{imahashi,
  author    = "𫝆𫞎 姬 and 𡈽 𪧦 and 𠮷田 真",
  yomi      = "Hime Imahashi",
  title     = "CJK統合漢字拡張🄑--🄓のテスト --- その🄰",
  publisher = "冬𠘨𫝷",
  year      = 2024,
}
% 𫝆 U+2B746  CJK Unified Ideographs Extension D      AJ:13780
% 𫞎 U+2B78E  CJK Unified Ideographs Extension D      AJ:13724
% 姬 U+2F862  CJK Compatibility Ideographs Supplement AJ:13998
% 𡈽 U+2123D  CJK Unified Ideographs Extension B      AJ:13953 J3-2F42
% 𪧦 U+2A9E6  CJK Unified Ideographs Extension C      AJ:14145
% 𠮷 U+20BB7  CJK Unified Ideographs Extension B      AJ:13706
% 真 U+2F947  CJK Compatibility Ideographs Supplement AJ:13854
% 冬 U+2F81A  CJK Compatibility Ideographs Supplement AJ:13954
% 𠘨 U+20628  CJK Unified Ideographs Extension B      AJ:14105 J4-2332
% 𫝷 U+2B777  CJK Unified Ideographs Extension D      AJ:13782
% 🄑 U+1F111  Parenthesized Latin Capital Letter B
% 🄓 U+1F113  Parenthesized Latin Capital Letter B
% 🄰 U+1F130  Squared Latin Capital Letter A
